@MISC{morris_worm,
   author = "\textbf{Wikipedia}",
   title = "Morris worm",
   year = 2010,
   howpublished = "\url{http://en.wikipedia.org/wiki/Morris\_worm}"
   }

@MISC{iatac_tools_report,
   author = "\textbf{Information Assurance Technology Analysis Center}",
   title = "Intrusion Detection Systems",
   year = 2009,
   howpublished = "\url{http://iac.dtic.mil/iatac/download/intrusion\_detection.pdf}"
   }

@MISC{symantec_nids_intro,
   author = "\textbf{Symantec Corporation}",
   title = "An Introduction to IDS",
   year = 2001,
   howpublished = "\url{http://www.symantec.com/connect/articles/introduction-ids}"
   }

@MISC{cisco_firecast,
   author = "\textbf{Cisco Systems, Inc}",
   title = "Cisco Visual Networking Index: Forecast and Methodology, 2010-2015",
   year = 2011,
   howpublished = "\url{http://www.cisco.com/en/US/solutions/collateral/ns341/ns525/ns537/ns705/ns827/white\_paper\_c11-481360\_ns827\_Networking\_Solutions\_White\_Paper.html}"
   }

@MISC{cap_app,
   author = "\textbf{Libpcap}",
   howpublished = "\url{http://www.tcpdump.org/}"
   }

@BOOK{cuda_guide,
   author = "\textbf{NVIDIA}",
   title= "NVIDIA CUDA C Programming Guide 4.2",
   year = 2012
   }

@BOOK{ieee_802_3,
   author = "\textbf{IEEE}",
   title= "IEEE 802.3 LAN/MAN CSMA/CD (Ethernet) Access Method.",
   year = 2008
   }

@BOOK{ieee_802_11,
   author = "\textbf{IEEE}",
   title= "IEEE 802.11 LAN/MAN Wireless LANS.",
   year = 2007
   }

@BOOK{act_defense_model,
   author = "\textbf{Zhang, H., Ma, J., Wang, Y.} and \textbf{Pei, Q.}",
   title= "An Active Defense Model and Framework of Insider Threats Detection and Sense.",
   year = 2009
   }

@MISC{cisco_site,
   author = "\textbf{Cisco Systems Inc.}",
   howpublished = "\url{http://www.cisco.com/}"
   }

@BOOK{bsd_filter,
   author = "\textbf{Steven McCanne} and \textbf{Van Jacobson}",
   title = "The BSD Packet Filter",
   year = 1992
   }

@MISC{winpcap_site,
   author = "\textbf{Winpcap}",
   howpublished = "\url{http://www.winpcap.org/}"
   }

@BOOK{rule_based_analysis,
   author = "\textbf{Pavel Laskov}",
   title = "Slides. Signature-based IDS.",
   year = 2010
   }

@MISC{nids_evolution,
   author = "\textbf{Symantec Corporation}",
   title = "The Evolution of Intrusion Detection Systems",
   year = 2010,
   howpublished = "\url{http://www.symantec.com/connect/articles/evolution-intrusion-detection-systems}"
   }

@MISC{gpu_marketshare,
   author = "\textbf{Bit-tech}",
   title = "AMD gains GPU market share from Nvidia",
   year = 2011,
   howpublished = "\url{http://www.bit-tech.net/news/hardware/2011/05/17/amd-graphics-cards-gain-market-share-from-n/1}"
   }

@BOOK{gpgpu,
   author = "\textbf{Harris, M. J., III, W. V. B., Scheuermann, T.} and \textbf{Lastra, A.}",
   title = "Simulation of Cloud Dynamics on Graphics Hardware",
   year = 2003,
   howpublished = "Proceedings of the SIGGRAPH/Eurographics Workshop on Graphics Hardware 2003"
   }

@BOOK{bjarn_str,
   author = "\textbf{Bjarne Stroustrup}",
   title = "The C++ Programming Language",
   publisher = "Addison-Wesley",
   year = 1997
   }

@MISC{cuda_zone,
   title = "\emph{CUDA Zone}",
   howpublished = "\url{http://www.nvidia.com/cuda/}"
   }

@MISC{qt_project,
   title = "\emph{Qt Project}",
   howpublished = "\url{http://qt-project.org/}"
   }

@MISC{boost,
   title = "\emph{Boost libraries}",
   howpublished = "\url{http://www.boost.org/}"
   }

@MISC{sqlite,
   title = "\emph{SQLite software library}",
   howpublished = "\url{http://www.sqlite.org/}"
   }

@BOOK{aho_corasick,
   author = "\textbf{Alfred V. Aho and Margaret J. Corasick}",
   title = "Efficient String Matching: An Aid to Bibliographic Search",
   publisher = "Bell Laboratories",
   year = 1975
   }

@BOOK{kmp,
   author = "\textbf{Donald Knuth; James H. Morris, Jr, Vaughan Pratt}",
   title = "Fast pattern matching in strings",
   publisher = "SIAM Journal on Computing",
   year = 1977
   }

@BOOK{boyermoore,
   author = "\textbf{Boyer, Robert S.; Moore, J Strother}",
   title = "A fast string searching algorithm",
   publisher = "Communications of the ACM",
   year = 1977
   }

@BOOK{commwalter,
   author = "\textbf{Beate Commentz-Walter}",
   title = "A String Matching Algorithm Fast on the Average Extended Abstract",
   publisher = "Scientific Center Heidelberg",
   year = 1979
   }

@MISC{tcp_ref,
   title = "\emph{TCP RFC 793}",
   howpublished = "\url{http://tools.ietf.org/html/rfc793/}"
   }

@BOOK{gpu_framework,
   author = "\textbf{Marc Sune Clos}",
   title = "A framework for network traffic analysis using GPUs",
   year = 2010
   }
